
@techreport{adjemian_dynare_2023,
	title = {Dynare {Reference} {Manual} {Version} 5\_5},
	url = {https://www.dynare.org/manual/},
	urldate = {2023-03-03},
	institution = {CEPREMAP},
	author = {Adjemian, Stéphane and Bastani, Houtan and Juillard, Michel and Kankanamge, Sumudu and Karamé, Frédéric and Maih, Junior and Mihoubi, Ferhat and Mutschler, Willi and Pfeifer, Johannes and Ratto, Marco and Rion, Normann and Villemot, Sébastien},
	year = {2023},
}

@article{pereira_rbc_2021,
	title = {An {RBC} model of the {Brazilian} economy with stylized fiscal shocks},
	volume = {75},
	doi = {10.5935/0034-7140.20210024},
	number = {4},
	urldate = {2023-10-15},
	journal = {Revista Brasileira de Economia},
	author = {Pereira, Rodrigo M.},
	year = {2021},
}

@incollection{krugman_defining_1997,
	title = {Defining and {Measuring} {Productivity}},
	booktitle = {The age of diminished expectations: {U}.{S}. economic policy in the 1990s},
	author = {Krugman, Paul},
	year = {1997},
}

@article{konopkova_pitfalls_2019,
	title = {Pitfalls of {DSGE} {Model} {Approach} in {Monetary} {Union}},
	volume = {10},
	doi = {10.2478/danb-2019-0019},
	number = {4},
	urldate = {2023-11-10},
	journal = {DANUBE},
	author = {Konôpková, Zlatica},
	year = {2019},
	pages = {369--382},
}

@misc{ibge_produto_2024,
	title = {Produto {Interno} {Bruto} ({PIB}) 2021},
	url = {https://sidra.ibge.gov.br/tabela/5938#resultado},
	urldate = {2024-01-24},
	author = {{IBGE}}
}

@article{farmer_solving_2015,
	title = {Solving and estimating indeterminate {DSGE} models},
	volume = {54},
	doi = {10.1016/j.jedc.2015.02.012},
	journaltitle = {Journal of Economic Dynamics and Control},
	author = {Farmer, Roger E.A. and Khramov, Vadim and Nicolò, Giovanni},
	date = {2015}
}

@article{gali_macroeconomic_2007,
	title = {Macroeconomic Modeling for Monetary Policy Evaluation},
	volume = {21},
	doi = {10.1257/jep.21.4.25},
	pages = {25--46},
	number = {4},
	journaltitle = {Journal of Economic Perspectives},
	author = {Galí, Jordi and Gertler, Mark},
	date = {2007-12},
}

@inproceedings{osterno_uma_2022,
	location = {Fortaleza},
	title = {Uma Nova Metodologia de Mensuração de Impactos Regionais de Políticas Nacionais: Uma Aplicação do {SAMBA}+{REG} para o Ceará},
	booktitle = {50º Encontro {ANPEC}},
	publisher = {{ANPEC}},
	author = {Osterno, Isadora Gonçalves Costa},
	date = {2022},
}

@article{prescott_theory_1986,
	title = {Theory Ahead of Business-Cycle Measurement},
	volume = {25},
	doi = {10.1016/0167-2231(86)90035-7},
	pages = {11--44},
	journaltitle = {Carnegie-Rochester Conference Series on Public Policy},
	author = {Prescott, Edward C.},
	date = {1986-09-01},
}

@article{kydland_time_1982,
	title = {Time to Build and Aggregate Fluctuations},
	volume = {50},
	doi = {10.2307/1913386},
	pages = {1345},
	number = {6},
	journaltitle = {Econometrica},
	author = {Kydland, Finn E. and Prescott, Edward C.},
	date = {1982-11},
}


@book{simonsen_microeconomia_1979,
	title = {Microeconomia - Fundamentos da Teoria dos Preços},
	series = {Ensaios Econômicos {EPGE}: n. 27},
	publisher = {{IBRE}, {EPGE}},
	author = {Simonsen, Mario Henrique},
	date = {1979},
}

@report{adjemian_dynare_2022,
	title = {The Dynare Reference Manual Version 5},
	url = {https://www.dynare.org/manual/},
	number = {72},
	institution = {{CEPREMAP}},
	author = {Adjemian, Stéphane and Bastani, Houtan and Juillard, Michel and Kankanamge, Sumudu and Karamé, Frédéric and Maih, Junior and Mihoubi, Ferhat and Mutschler, Willi and Pfeifer, Johannes and Ratto, Marco and Rion, Normann and Villemot, Sébastien},
	urldate = {2023-03-03},
	date = {2022},
}


@unpublished{bergholt_basic_2012,
	title = {The Basic New Keynesian Model},
	url = {https://bergholt.weebly.com/uploads/1/1/8/4/11843961/the_basic_new_keynesian_model_-_drago_bergholt.pdf},
	author = {Bergholt, Drago},
	date = {2012},
}

@online{solis-garcia_ucb_2022,
	title = {{UCB} Macro Modeling Course},
	url = {https://sites.google.com/a/macalester.edu/solis-garcia/home/teaching/ucb-macro-modeling-course},
	author = {Solis-Garcia, Mario},
	urldate = {2023-01-13},
	date = {2022},
}

@book{simon_mathematics_1994,
	location = {New York London},
	edition = {First edition, international student edition},
	title = {Mathematics for Economists},
	publisher = {W. W. Norton},
	author = {Simon, Carl P. and Blume, Lawrence E.},
	date = {1994},
}

@thesis{albuquerquemello_mercado_2018,
	title = {Mercado imobiliário, crédito e o Ciclo Real de Negócios: evidências a partir de um modelo {DSGE} para a economia estadunidense},
	type = {phdthesis},
	author = {Albuquerquemello, Vinícius Phillipe de},
	date = {2018},
}

@article{holm_transmission_2021,
	title = {The Transmission of Monetary Policy under the Microscope},
	volume = {129},
	doi = {10.1086/715416},
	pages = {2861--2904},
	number = {10},
	journaltitle = {Journal of Political Economy},
	author = {Holm, Martin Blomhoff and Paul, Pascal and Tischbirek, Andreas},
	urldate = {2022-12-21},
	date = {2021-10},
}

@article{mora_fdi_2019,
	title = {{FDI} Asymmetries in Emerging Economies: The Case of Colombia},
	volume = {11},
	doi = {10.5539/ijef.v11n8p35},
	number = {8},
	journaltitle = {International Journal of Economics and Finance},
	author = {Mora, Jose U. and Costa Junior, Celso José},
	date = {2019-06-25},
}

@article{pereira_desmatamento_2013,
	title = {O Desmatamento amazônico e o ciclo econômico no Brasil},
	journaltitle = {http://www.ipea.gov.br},
	author = {Pereira, Rodrigo Mendes and Góes, Geraldo Sandoval},
	date = {2013-06},
	publisher = {Instituto de Pesquisa Econômica Aplicada (Ipea)},
}

@article{smets_estimated_2003,
	title = {An Estimated Dynamic Stochastic General Equilibrium Model of the Euro Area},
	doi = {10.1162/154247603770383415},
	journaltitle = {Journal of the European Economic Association},
	author = {Smets, Frank and Wouters, Raf},
	date = {2003-09-01},
}

@article{soltani_investigating_2021,
	title = {Investigating the Effects of Monetary and Financial Shocks on the Key Macroeconomic Variables, Focusing on the Intermediary Role of Banks Using {DSGE} Models},
	volume = {16},
	url = {http://jme.mbri.ac.ir/article-1-541-en.html},
	doi = {10.52547/jme.16.4.477},
	journaltitle = {Journal of Money and Economy},
	author = {Soltani, Sedigheh and Falihi, Nemat and Mehrabiyan, Azadeh and Amiri, Hossein},
	date = {2021-12-01},
}

@article{capeleti_countercyclical_2022,
	title = {Countercyclical credit policies and banking concentration: Evidence from Brazil},
	doi = {10.1016/j.jbankfin.2022.106589},
	journaltitle = {Journal of Banking \& Finance},
	author = {Capeleti, Paulo and Garcia, Marcio and Miessi Sanches, Fabio},
	date = {2022-10},
}

@article{smets_shocks_2007,
	title = {Shocks and Frictions in {US} Business Cycles: A Bayesian {DSGE} Approach},
	volume = {97},
	doi = {10.1257/aer.97.3.586},
	journaltitle = {American Economic Review},
	author = {Smets, Frank and Wouters, Rafael},
	date = {2007-06},
}

@inproceedings{vinhado_politica_2016,
	location = {Foz do Iguaçu},
	title = {Política Monetária, Macroprudencial E Bancos: Análise Da Transmissão Por Meio De Um Modelo {DSGE}},
	url = {https://en.anpec.org.br/previous-editions.php?r=encontro-2016},
	eventtitle = {44° {ENCONTRO} {NACIONAL} {DE} {ECONOMIA}},
	publisher = {{ANPEC}},
	author = {Vinhado, Fernando da Silva and Divino, José Angelo},
	date = {2016},
}

@article{walque_financial_2010,
	title = {Financial (In)Stability, Supervision and Liquidity Injections: A Dynamic General Equilibrium Approach},
	doi = {10.1111/j.1468-0297.2010.02383.x},
	shorttitle = {Financial (In)Stability, Supervision and Liquidity Injections},
	journaltitle = {The Economic Journal},
	author = {Walque, Gregory De and Pierrard, Olivier and Rouabah, Abdelaziz},
	date = {2010-12-01},
}

@book{gali_monetary_2015,
	location = {Princeton ; Oxford},
	edition = {Second edition},
	title = {Monetary Policy, Inflation, And The Business Cycle: An Introduction To The New Keynesian Framework And Its Applications},
	publisher = {Princeton University Press},
	author = {Galí, Jordi},
	date = {2015},
}

@book{costa_junior_understanding_2016,
	location = {Wilmington, Delaware},
	title = {Understanding {DSGE}},
	series = {Vernon series in economic methodology},
	publisher = {Vernon Press},
	author = {Costa Junior, Celso José},
	date = {2016},
}

@article{tamegawa_constructing_2013,
	title = {Constructing a Small-Region {DSGE} Model},
	doi = {10.1155/2013/825862},
	journaltitle = {{ISRN} Economics},
	author = {Tamegawa, Kenichi},
	date = {2013-03-11},
}

@article{tamegawa_two-region_2012,
	title = {Two-Region {DSGE} Analysis of Regionally Targeted Fiscal Policy},
	volume = {42},
	doi = {10.52324/001c.8103},
	journaltitle = {Review of Regional Studies},
	author = {Tamegawa, Kenichi},
	date = {2012-12-13},
}

@article{okano_development_2015,
	title = {Development of a Regional {DSGE} Model in Japan: Empirical Evidence of Economic Stagnation in the Kansai Economy},
	journaltitle = {{APIR} Discussion Paper Series},
	author = {Okano, Mitsuhiro and Ida, Daisuke and Kitano, Shigeto and Matsubayashi, Yoichi},
	date = {2015-04},
}

@incollection{uhlig_toolkit_1999,
	location = {Oxford},
	title = {A Toolkit For Analysing Nonlinear Dynamic Stochastic Models Easily},
	pages = {30--61},
	booktitle = {Computational Methods for the Study of Dynamic Economies},
	publisher = {Oxford University Press},
	author = {Uhlig, Harald},
	date = {1999},
}

@article{inada_two-sector_1963,
	title = {On a Two-Sector Model of Economic Growth: Comments and a Generalization},
	volume = {30},
	doi = {10.2307/2295809},
	journaltitle = {The Review of Economic Studies},
	author = {Inada, Ken-ichi},
	date = {1963-06-01},
}

@article{rickman_modern_2010,
	title = {Modern Macroeconomics and Regional Economic Modeling},
	doi = {10.1111/j.1467-9787.2009.00647.x},
	journaltitle = {Journal of Regional Science},
	author = {Rickman, Dan S.},
	date = {2010},
}

@article{bertanha_efeitos_2008,
	title = {Efeitos regionais da política monetária no Brasil: impactos e transbordamentos espaciais},
	doi = {10.1590/S0034-71402008000100001},
	journaltitle = {Revista Brasileira de Economia},
	author = {Bertanha, Marinho and Haddad, Eduardo Amaral},
	date = {2008-03},
}

@article{taylor_discretion_1993,
	title = {Discretion Versus Policy Rules In Practice},
	doi = {10.1016/0167-2231(93)90009-L},
	journaltitle = {Carnegie-Rochester Conference Series on Public Policy},
	author = {Taylor, John B.},
	date = {1993-12},
}

@article{calvo_staggered_1983,
	title = {Staggered Prices In a Utility-maximizing Framework},
	doi = {10.1016/0304-3932(83)90060-0},
	journaltitle = {Journal of Monetary Economics},
	author = {Calvo, Guillermo A.},
	date = {1983-09},
}

@article{gali_optimal_2005,
	title = {Optimal Fiscal Policy in a Monetary Union},
	journaltitle = {Proceedings},
	author = {Galí, Jordi and Monacelli, Tommaso},
	date = {2005},
	note = {Publisher: Federal Reserve Bank of San Francisco},
}

@thesis{ribeiro_alongamento_2023,
	location = {Curitiba},
	title = {Alongamento dos Ciclos Econômicos - O Preço da Estabilidade},
	institution = {{UFPR}},
	type = {Dissertação},
	author = {Ribeiro, Giovanni Medola},
	date = {2023},
}

@article{croitorov_financial_2020,
	title = {Financial spillover and global risk in a multi-region model of the world economy},
	doi = {10.1016/j.jebo.2020.05.024},
	journaltitle = {Journal of Economic Behavior \& Organization},
	author = {Croitorov, Olga and Giovannini, Massimo and Hohberger, Stefan and Ratto, Marco and Vogel, Lukas},
	date = {2020-09},
}

@misc{corbo_maja_2020,
	title = {{MAJA} A two-region {DSGE} model for Sweden and its main trading partners},
	url = {https://www.econstor.eu/handle/10419/232594},
	publisher = {Sveriges Riksbank Working Paper Series},
	author = {Corbo, Vesna and Strid, Ingvar},
	date = {2020},
}

@article{alpanda_international_2014,
	title = {International transmission of financial shocks in an estimated {DSGE} model},
	volume = {47},
	doi = {10.1016/j.jimonfin.2014.04.007},
	journaltitle = {Journal of International Money and Finance},
	author = {Alpanda, Sami and Aysun, Uluc},
	date = {2014-10},
}

@article{pytlarczyk_estimated_2005,
	title = {An Estimated {DSGE} Model for the German Economy within the Euro Area},
	doi = {10.2139/ssrn.2785216},
	journaltitle = {{SSRN} Electronic Journal},
	author = {Pytlarczyk, Ernest},
	date = {2005},
}

@inproceedings{costa_junior_dsge_2022,
	location = {Fortaleza},
	title = {{DSGE} para Macroeconomia Regional: Uma Aplicação para o Estado de Goiás},
	eventtitle = {Encontro {ANPEC}},
	author = {Costa Junior, Celso José and Teixeira, Anderson Mutter and Silva, Márcio Francisco da},
	date = {2022},
}


@book{walsh_monetary_2017,
	location = {London, England ; Cambridge, Massachusetts},
	edition = {Fourth edition},
	title = {Monetary Theory and Policy},
	publisher = {{MIT} Press},
	author = {Walsh, Carl E.},
	date = {2017},
}
